@misc{Antonacci_Sermi2024,
  author       = {Antonacci e Sermi},
  title        = {Dati per i best-fit},
  howpublished = {Disponibili a: \url{https://github.com/FrancescoAntonacci/Lab-II/tree/main}},
  year         = {2024-2025},
  note         = {I dati sono disponibili su:
   Incertezze:\url{https://github.com/FrancescoAntonacci/Lab-II/blob/main/Lab2_29102024/data_ard/data12.txt}; 
   Guadagno:\url{https://github.com/FrancescoAntonacci/Lab-II/blob/main/Lab2_03122024/data2.txt};
   Treno di impulsi:\url{https://github.com/FrancescoAntonacci/Lab-II/blob/main/Lab2_19112024/data6.txt}; 
   e fits degli integratori: \url{https://github.com/FrancescoAntonacci/Lab-II/tree/main/Lab2_26112024}},
}